<record><leader>00000cas a2200000 a 4500</leader><controlfield tag="001">12277320</controlfield><controlfield tag="008">850718d1861187umiuwr ne      0    0eng c</controlfield><datafield ind1=" " ind2=" " tag="010"><subfield code="a">sn 85033813 </subfield></datafield><datafield ind1=" " ind2=" " tag="040"><subfield code="a">NPU</subfield><subfield code="b">eng</subfield><subfield code="c">NPU</subfield><subfield code="d">UNP</subfield><subfield code="d">MHN</subfield><subfield code="d">OCL</subfield><subfield code="d">OCLCQ</subfield><subfield code="d">OCLCF</subfield><subfield code="d">OCLCO</subfield></datafield><datafield ind1=" " ind2=" " tag="042"><subfield code="a">pcc</subfield></datafield><datafield ind1=" " ind2=" " tag="043"><subfield code="a">n-us-mi</subfield></datafield><datafield ind1="0" ind2=" " tag="130"><subfield code="a">Sturgis journal (Sturgis, Mich. : 1861)</subfield></datafield><datafield ind1="1" ind2="4" tag="245"><subfield code="a">The Sturgis journal.</subfield></datafield><datafield ind1=" " ind2=" " tag="260"><subfield code="a">Sturgis, St. Joseph Co., Mich. :</subfield><subfield code="b">J.G. Wait</subfield></datafield><datafield ind1=" " ind2=" " tag="300"><subfield code="a">v. ;</subfield><subfield code="c">61 cm.</subfield></datafield><datafield ind1=" " ind2=" " tag="310"><subfield code="a">Weekly</subfield></datafield><datafield ind1="0" ind2=" " tag="362"><subfield code="a">Vol. 1, no. 1 (July 4, 1861)-</subfield></datafield><datafield ind1=" " ind2=" " tag="515"><subfield code="a">Whole numbering designation added: Vol. 2, no. 1 (July 3, 1862) = whole no. 53. Whole numbering dropped: Vol. 5, no. 2 (July 13, 1865).</subfield></datafield><datafield ind1=" " ind2=" " tag="515"><subfield code="a">Numbering irregular for some volumes.</subfield></datafield><datafield ind1=" " ind2=" " tag="580"><subfield code="a">Merged with: Sturgis times, to form: Sturgis journal-times.</subfield></datafield><datafield ind1=" " ind2="0" tag="651"><subfield code="a">Sturgis (Mich.)</subfield><subfield code="v">Newspapers.</subfield></datafield><datafield ind1=" " ind2="0" tag="651"><subfield code="a">Saint Joseph County (Mich.)</subfield><subfield code="v">Newspapers.</subfield></datafield><datafield ind1=" " ind2="7" tag="655"><subfield code="a">Newspapers.</subfield><subfield code="2">fast</subfield><subfield code="0">(OCoLC)fst01423814</subfield></datafield><datafield ind1=" " ind2="7" tag="651"><subfield code="a">Michigan</subfield><subfield code="z">Saint Joseph County.</subfield><subfield code="2">fast</subfield><subfield code="0">(OCoLC)fst01210520</subfield></datafield><datafield ind1=" " ind2="7" tag="651"><subfield code="a">Michigan</subfield><subfield code="z">Sturgis.</subfield><subfield code="2">fast</subfield><subfield code="0">(OCoLC)fst01216373</subfield></datafield><datafield ind1=" " ind2=" " tag="752"><subfield code="a">United States</subfield><subfield code="b">Michigan</subfield><subfield code="c">Saint Joseph</subfield><subfield code="d">Sturgis.</subfield></datafield><datafield ind1="1" ind2="7" tag="785"><subfield code="t">Sturgis times</subfield><subfield code="w">(DLC)sn 97070576</subfield><subfield code="w">(OCoLC)38212859</subfield></datafield><datafield ind1="1" ind2="7" tag="785"><subfield code="t">Sturgis journal-times</subfield><subfield code="w">(DLC)sn 85026583</subfield><subfield code="w">(OCoLC)12288307</subfield></datafield></record>